@misc{arzte,
author={Focus},
	title = {Ärzte verschreiben teils tödlichen Medikamenten-Mix},
	url = {http://www.focus.de/gesundheit/ratgeber/medikamente/news/riskante-wechselwirkungen-aerzte-verschreiben-teils-toedlichen-medikamenten-mix_aid_907005.html}
}
@inproceedings{khalili2013pharmer,
  title={Pharmer--Towards Semantic Medical Prescriptions},
  author={Khalili, Ali and Sedaghati, Bita},
  booktitle={eTELEMED 2013, The Fifth International Conference on eHealth, Telemedicine, and Social Medicine},
  pages={9--14},
  year={2013}
}

@misc{pharzeit10,
  author = "Pharmazeutische Zeitung",
  title  = {{Medikationsfehler: 25.000 Tote jährlich}},
  note   = {abgerufen am 02.12.2012},
  howpublished = "\url{http://www.pharmazeutische-zeitung.de/index.php?id=32557}"
  }

@inproceedings{elze2013dispedia,
  title={The Dispedia Framework: A Semantic Model for Medical Information Supply},
  author={Elze, Romy and F{\"a}hnrich, Klaus-Peter},
  booktitle={ICONS 2013, The Eighth International Conference on Systems},
  pages={59--63},
  year={2013}
}